% This file was created with JabRef 2.7b.
% Encoding: UTF8

@BOOK{anonymous2001,
  author = {anonymous},
  title = {Der Neue Hacker's Guide: Sicherheit Im Internet Und Im lokalen Netz},
  year = {2001},
  editor = {CHristian Alkemper and Marion Thomas},
  note = {ST277 N481: Sicherheitsrichtlinien S. 714},
  publisher = {Markt+Technik Verlag, ein Imprint der Pearson Education Deutschland
	GmbH, Martin-Kollar-Straße 10-12, D-81829 München},
  owner = {root},
  timestamp = {2014.10.20}
}


@ONLINE{dnspicture,
  title = {Meterpreter},
  url = {https://commons.wikimedia.org/wiki/File:Dns-raum.svg#/media/File:Dns-raum.svg},
  urldate = {2015-01-04},
  owner = {Licensed under CC BY-SA 2.5 via Wikimedia Commons},
  timestamp = {2015.01.04}
}

@INCOLLECTION{hsts,
year={2014},
booktitle={Primer on Client-Side Web Security},
series={SpringerBriefs in Computer Science},
publisher={Springer International Publishing},
author={Ryck, Philippe De and Desmet, Lieven and Piessens, Frank and Johns, Martin},
pages={43-55},
language={English}
}

@book{young2003hacker,
  title={The Hacker's Handbook: The Strategy Behind Breaking into and Defending Networks},
  author={Young, S. and Aitel, D.},
  year={2003},
  publisher={CRC Press}
}

@incollection{dnssec,
year={2011},
booktitle={Pro DNS and BIND 10},
title={DNSSEC},
publisher={Apress},
author={Aitchison, Ron},
pages={317-377},
language={English}
}

@incollection{differenceipsids,
year={2011},
booktitle={Advances in Network Security and Applications},
volume={196},
series={Communications in Computer and Information Science},
editor={Wyld, DavidC. and Wozniak, Michal and Chaki, Nabendu and Meghanathan, Natarajan and Nagamalai, Dhinaharan},
title={Difference between Intrusion Detection System (IDS) and Intrusion Prevention System (IPS)},
publisher={Springer Berlin Heidelberg},
author={Ashoor, AsmaaShaker and Gore, Sharad},
pages={497-501},
language={English}
}
