% This file was created with JabRef 2.7b.
% Encoding: UTF8

@BOOK{anonymous2001,
  author = {anonymous},
  title = {Der Neue Hacker's Guide: Sicherheit Im Internet Und Im lokalen Netz},
  year = {2001},
  editor = {CHristian Alkemper and Marion Thomas},
  note = {ST277 N481: Sicherheitsrichtlinien S. 714},
  publisher = {Markt+Technik Verlag, ein Imprint der Pearson Education Deutschland
	GmbH, Martin-Kollar-Straße 10-12, D-81829 München},
  owner = {root},
  timestamp = {2014.10.20}
}

@BOOK{Bidgoli2006,
  author = {Hossein Bidgoli},
  title = {Handbook Of Information Security},
  year = {2006},
  volume = {3},
  note = {ST277M B585: S. 7 Insider Threaths, 277 Physical Security},
  publisher = {John Wiley \& Sons, Inc., Hoboken, New Jersey},
  owner = {root},
  timestamp = {2014.10.20}
}

@BOOK{Eckert2012,
  author = {Prof. Dr. CLaudia Eckert},
  title = {IT-Sicherheit: Konzepte - Verfahren - Protokolle},
  year = {2012},
  note = {ST277 E19: Poliies 216, 905},
  publisher = {Oldenburgische Wissenschaftsverlag GmbH, Rosenheimer Straße 145,
	D-81671 München},
  owner = {root},
  timestamp = {2014.10.20}
}

@BOOK{Patwardhan2003,
  author = {N. Patwardhan and E. Siever and S. Spainhour},
  title = {Perl in a Nutshell, 2nd Edition},
  year = {2003},
  publisher = {O'Reilly Verlag GmbH \& Co. KG},
  owner = {root},
  timestamp = {2014.10.11}
}

@BOOK{Stamp2006,
  author = {Mark Stamp},
  title = {Information Security: Principles And Practice},
  year = {2006},
  note = {S. 281 Malware},
  publisher = {John Wiley \& Sons, Inc., Hoboken, New Jersey},
  owner = {root},
  timestamp = {2014.10.20}
}

@ONLINE{BadUSB,
  title = {Bad USB},
  url = {https://srlabs.de/badusb/},
  urldate = {2014-11-03},
  owner = {root},
  timestamp = {2014.11.03}
}

@ONLINE{HackKreditkarten,
  title = {AB Acquisition LLC Confirms Incident Involving Payment Card Data
	Processing},
  url = {http://www.jewelosco.com/2014/08/ab-acquisition-llc-confirms-incident-involving-payment-card-data-processing/},
  urldate = {2014-11-01},
  owner = {root},
  timestamp = {2014.11.01}
}

@ONLINE{HackKreditkarten2,
  title = {Home Depot probes possible hack, could be larger than Target breach},
  url = {http://www.denverpost.com/business/ci_26453916/data-stolen-from-11-colorado-goodwill-stores-home},
  urldate = {2014-11-01},
  owner = {root},
  timestamp = {2014.11.01}
}

@ONLINE{Heartbleed,
  title = {Heartbleed},
  url = {https://cve.mitre.org/cgi-bin/cvename.cgi?name=CVE-2014-0160},
  urldate = {2014-10-29},
  owner = {root},
  timestamp = {2014.11.03}
}

@ONLINE{McAffee,
  title = {McAffee},
  url = {http://csis.org/files/attachments/140609_McAfee_PDF.pdf},
  urldate = {2014-10-29},
  owner = {root},
  timestamp = {2014.10.29}
}

@ONLINE{Metasploit,
  title = {Metasploit},
  url = {http://www.metasploit.com/},
  urldate = {2014-11-03},
  owner = {root},
  timestamp = {2014.11.03}
}

@ONLINE{Meterpreter,
  title = {Meterpreter},
  url = {http://www.offensive-security.com/metasploit-unleashed/Meterpreter_Basics},
  urldate = {2014-11-03},
  owner = {root},
  timestamp = {2014.11.03}
}

@ONLINE{Poodle,
  title = {Poodle},
  url = {https://cve.mitre.org/cgi-bin/cvename.cgi?name=CVE-2014-3566},
  urldate = {2014-11-08},
  owner = {root},
  timestamp = {2014.11.08}
}

@ONLINE{Shellshock,
  title = {Shellshock},
  url = {https://cve.mitre.org/cgi-bin/cvename.cgi?name=CVE-2014-6271},
  urldate = {2014-10-29},
  owner = {root},
  timestamp = {2014.10.29}
}

@ONLINE{Snowden,
  title = {Snowden},
  url = {https://www.theguardian.com/us-news/edward-snowden},
  urldate = {2014-10-29},
  owner = {root},
  timestamp = {2014.10.29}
}

@ONLINE{Snowden2,
  title = {Spionageaktivitäten auf Unternehmen},
  url = {https://firstlook.org/theintercept/2014/10/10/core-secrets/},
  urldate = {2014-11-03},
  owner = {root},
  timestamp = {2014.11.03}
}

@ONLINE{USBAbout,
  title = {USB Implementers Forum, Inc.},
  url = {http://www.usb.org/about},
  urldate = {2014-10-29},
  owner = {root},
  timestamp = {2014.10.29}
}

@ONLINE{USBDesk,
  title = {USB 2.0 Standart},
  url = {http://www.usb.org/developers/docs/usb20_docs/#usb20spec},
  urldate = {2014-10-29},
  owner = {root},
  timestamp = {2014.10.29}
}

@ONLINE{USBVendor,
  title = {USB Vendor},
  url = {http://www.usb.org/developers/vendor/},
  urldate = {2014-10-29},
  owner = {root},
  timestamp = {2014.10.29}
}

@comment{jabref-meta: selector_publisher:}

@comment{jabref-meta: selector_author:}

@comment{jabref-meta: selector_journal:}

@comment{jabref-meta: selector_keywords:John Wiley;}

